# RxRelay README
@misc{rxrelay:readme,
  author       = {Jake Wharton},
  title        = {RxRelay - README.md},
  howpublished = {\url{
                  https://github.com/JakeWharton/RxRelay/blob/master/README.md
                 }},
  note         = {Last accessed: 19.04.2024}
}
